@misc{glisc,
	author={{Grey Literature International Steering Committee}},
	title={{GLISC}},
	month={oct},
	year={2014},
	note = "[Online; acedido em Outubro 2014]"
}
@misc{paper1,
	author={{Roger C. Schank}},
	title={{What Is AI, Anyway?}},
	year={1987}
}
@misc{tiposdeai,
        title={{Tipos de AI}},
	url={https://people.com.ai/blog/tipos-de-inteligencia-artificial/}
}
@misc{aicarros,
        title={{AI nos carros}},
	url={https://www.mordorintelligence.com/pt/industry-reports/automotive-artificial-intelligence-market}
}
@misc{wabot,
        title={{Rob√¥ humanoide wabot}},
	url={https://www.humanoid.waseda.ac.jp/booklet/kato_2.html}
}
@misc{chess,
        title={{Rankings Fide}},
	url={https://ratings.fide.com/top_lists.phtml}
}
@misc{chessenginechampionship,
        title={{Campeonato de Chess Engines}},
	url={https://www.chess.com/computer-chess-championship}
}
@misc{chessenginesmaispopulares,
        title={{Chess Engines mais populares}},
	url={https://www.chess.com/terms/chess-engine#most-popular-chess-engines}
}
@misc{kasparov,
        title={{Jogos do Kasparov contra a Chess Engine Deep Blue}},
	url={https://www.kasparov.com/timeline-event/deep-blue/}
}

